@book{grinberg2018new,
  title={The New and Improved Flask Mega-tutorial},
  author={Grinberg, Miguel},
  year={2018},
  publisher={Amazon Fulfillment}
}
